@book{ref1,
author = "M. Clavel and F. Dur√°n and S. Eker and others",
title = "All about Maude - A High-Performance logical framework",
publisher = "Springer",
year = "XXXX",
}

@book{ref2,
author = "R. Osherove",
title = "The Arte of Unit Testing",
publisher = "Springer",
year = "XXXX",
}
